@Article{Reference,
	author		= {AUTHOR},
	year		= {666},
	title		= {Title.},
	journal		= {Journal de Mickey},
	volume		= {},
	pages		= {},
}
